<record><leader>00000cas a22000007a 4500</leader><controlfield tag="001">16126942</controlfield><controlfield tag="008">870702c19819999iauwr ne      0    0eng d</controlfield><datafield ind1=" " ind2=" " tag="010"><subfield code="a">sn 87057745 </subfield></datafield><datafield ind1=" " ind2=" " tag="040"><subfield code="a">INP</subfield><subfield code="b">eng</subfield><subfield code="c">INP</subfield><subfield code="d">OCLCQ</subfield></datafield><datafield ind1=" " ind2=" " tag="042"><subfield code="a">msc</subfield></datafield><datafield ind1="0" ind2=" " tag="130"><subfield code="a">Fremont-Mills beacon-enterprise (Tabor, Iowa : 1981)</subfield></datafield><datafield ind1="1" ind2="4" tag="245"><subfield code="a">The Fremont-Mills beacon-enterprise.</subfield></datafield><datafield ind1="1" ind2="7" tag="246"><subfield code="a">Beacon-enterprise</subfield></datafield><datafield ind1=" " ind2=" " tag="260"><subfield code="a">Tabor, Fremont and Mills Counties, Iowa :</subfield><subfield code="b">Fremont-Mills Beacon-Enterprise,</subfield><subfield code="c">1981-</subfield></datafield><datafield ind1=" " ind2=" " tag="300"><subfield code="a">v.</subfield></datafield><datafield ind1="0" ind2=" " tag="362"><subfield code="a">Vol. 99, no. 28 (June 4, 1981)-</subfield></datafield><datafield ind1=" " ind2=" " tag="752"><subfield code="a">United States</subfield><subfield code="b">Iowa</subfield><subfield code="c">Fremont</subfield><subfield code="d">Tabor.</subfield></datafield><datafield ind1=" " ind2=" " tag="752"><subfield code="a">United States</subfield><subfield code="b">Iowa</subfield><subfield code="c">Mills</subfield><subfield code="d">Tabor.</subfield></datafield><datafield ind1="0" ind2="0" tag="780"><subfield code="t">Beacon-enterprise</subfield><subfield code="w">(DLC)sn 87057427</subfield></datafield></record>